
@book{floyd_dispositivos_2008,
	location = {Upper Saddle River, N.J},
	edition = {8th ed},
	title = {Dispositivos Electronicos},
	isbn = {978-0-13-242973-3},
	shorttitle = {Dispositivos Electronicos},
	pagetotal = {982},
	publisher = {Pearson Prentice Hall},
	author = {Floyd, Thomas L.},
	date = {2008},
	note = {{OCLC}: ocm80181359},
	keywords = {Electronic apparatus and appliances, Solid state electronics},
	file = {Floyd - 2008 - Dispositivos Electronicos.pdf:/home/christian/snap/zotero-snap/common/Zotero/storage/BWWU47UV/Floyd - 2008 - Dispositivos Electronicos.pdf:application/pdf},
}
